% This file was created with JabRef 2.3.1.
% Encoding: Cp1252

 @article{valor,
     author   ={BOU{\c{C}}AS, Cibelle.},
     title    ={Gastos mundiais com segurança da informação atingem {US}\$86,1 bi no ano},
     month = {out.},
     year = 2016,
     journal  ={Valor Econômico},
     address  ={São Paulo},
     url = {http://en.wikibooks.org/wiki/LaTeX},
     urlaccessdate = {8 de outubro de 2017},
     timestamp = {2016.10.1}
 }
 
 @article{forbes,
    author = {BRADLEY, Tony.},
    title = {Gartner Predicts Information Security Spending To Reach \$93 Billion In 2018},
    journal = {Forbes},
    address = {Nova Iorque, Estados Unidos da América},
    month = {ago.},
    year = 2017,
    url = {https://www.forbes.com/sites/tonybradley/2017/08/17/gartner-predicts-information-security-spending-to-reach-93-billion-in-2018/#6625c0633e7f},
    urlaccessdate = {8 de outubro de 2017},
    timestamp = {2017.08.1}
 }
 
 @article{computerworld,
    author = {COMPUTERWORLD},
    title = {Gastos globais com seguros contra ataques cibernéticos já somam cerca de {US}\$ 2 bi},
    journal = {COMPUTERWORLD},
    address = {São Paulo},
    month = {fev.},
    year = 2017,
    url = {http://computerworld.com.br/gastos-globais-com-seguros-contra-ataques-ciberneticos-ja-somam-cerca-de-us-2-bi},
    urlaccessdate = {8 de outubro de 2017},
    timestamp = {2017.02.1}
 }
 
 @article{gazeta,
    author = {Waltrick, Rafael},
    title = {Crimes virtuais trazem prejuízo bilionário para brasileiros},
    journal = {Gazeta do Povo},
    address = {Curitiba},
    month = {nov.},
    year = 2016,
    url = {http://www.gazetadopovo.com.br/economia/inteligencia-artificial/crimes-virtuais-trazem-prejuizo-bilionario-para-brasileiros-c50g4ta0o4u4dwvt7l9ippivh},
    urlaccessdate = {8 de outubro de 2017},
    timestamp = {2016.11.01}
 }
 
 @article{g1,
    author = {G1},
    title = {Ciberataques em larga escala atingem empresas no mundo e afetam Brasil},
    journal = {G1},
    address = {Rio de Janeiro},
    month = {mai.},
    year = 2017,
    url = {https://g1.globo.com/tecnologia/noticia/hospitais-publicos-na-inglaterra-sao-alvo-cyber-ataques-em-larga-escala.ghtml},
    urlaccessdate = {8 de outubro de 2017},
    timestamp = {2017.05.01}
 }
 
 @article{elpais,
    author = {Cebri\a{Á}n, B. D.},
    title = {Cibertaque: o vírus WannaCry e a ameaça de uma nova onda de infecções},
    journal = {El País},
    address = {Madri, Espanha},
    month = {mai.},
    year = 2017,
    url = {https://brasil.elpais.com/brasil/2017/05/14/internacional/1494758068\_707857.html},
    urlaccessdate = {8 de outubro de 2017},
    timestamp = {2017.05.01}
 }
 
 @MISC{jamesAnderson,
  author = {James P. Anderson},
  title = {Computer security threat monitoring and surveillance.},
  year = {1980},
  owner = {James P. Anderson},
  timestamp = {1980.04.15},
  publisher = {National Institute of Standards and Technology},
  edition = {2},
  address = {Gaithersburg},
  timestamp = {1980.04.15}
}

@article{idshistory,
author = {Richard A. Kemmerer and Giovanni Vigna},
 title      ={Intrusion Detection: A Brief History and Overview},
 journal    ={Security \& Privacy},
 publisher = {Computer},
 address    ={University of Californa Santa Barbara, Goleta, Califórnia, Estados Unidos da América},
 volume     = 35,
 edition = 4,
 pages      ={27-30},
 month      = {agosto},
 year       = 2002}
}

@article{denning,
    author = {Dorothy E. Denning},
    title = {An Intrusion-Detection Model},
    journal = {IEEE Transactions on Software Engineering},
    publisher = {IEEE},
    month = {fevereiro},
    year = 1987,
    pages = {118-131}
}

@article{roleof,
    author = {John McHugh and Alan Christie and Julia Allen},
    title = {Defending Yourself: The Role of Intrusion Detection Systems},
    journal = {IEEE Software},
    publisher = {IEEE},
    volume = {17},
    number = 5,
    month = {outubro},
    year = 2000,
    pages = {42-51}
}

@article{statet,
    author = {Koral Ilgun and Richard A. Kemmerer and Philip A. Porras},
    title = {State transition analysis: a rule-based intrusion detection approach},
    journal = {IEEE Transactions on Software Engineering},
    volume = 21,
    number = 3,
    month = {março},
    year = 1995,
    pages = {181-199}
}

@article{fusion,
    author = {Tim Bass},
    title = {Intrusion Detection Systems and Multisensor Data Fusion},
    journal = {Communications of the ACM},
    volume = 43,
    number = 4,
    month = {abril},
    year = 2000,
    pages = {99-105}
}

@article{bou,
    author = {Dalila Boughaci and Habiba Drias and Ahmed Bendib and Youcef Bouznit and Belaid Benhamou},
    title = {Distributed Intrusion Detection Framework based on Autonomous and Mobile Agents},
    journal = {2006 International Conference on Dependability of Computer Systems},
    month = {maio},
    year = 2006,
    address = {Poland},
    pages = {248-255}
}

@article{tree,
    author = {Jie Yang and Xin Chen and Xudong Xiang and Jianxiong Wan},
    title = {HIDS-DT: An Effective Hybrid Intrusion Detection System Based on Decision Tree},
    journal = {2010 International Conference on Communications and Mobile Computing},
    month = {abril},
    year = 2010,
    address = {China},
    pages = {70-75}
}

@article{testing,
    author = {Robert Durst and Terrence Champion and Brian Witten and Eric Miller and Luigi Spagnuolo},
    title = {Testing and Evaluating Computer Intrusion Detection Systems},
    journal = {Communications of the ACM},
    month = {julho},
    year = 1999,
    volume = 42,
    number = 7,
    pages = {53-61}
}

@article{cop,
    author = {Xiaolan Zhang and Leendert van Doorn and Trent Jaeger and Ronald Perez and Reiner Sailer},
    title = {Secure Coprocessor-based Intrusion Detection},
    journal = {EW 10 Proceedings of the 10th workshop on ACM SIGOPS European workshop},
    month = {julho},
    year = 2002,
    pages = {239-242},
    address = {França}
}

@article{didma,
    author = {Pradeep Kannadiga and Mohammad Zulkernine},
    title = {DIDMA: a distributed intrusion detection system using mobile agents},
    journal = {Sixth International Conference on Software Engineering, Artificial Intelligence, Networking and Parallel/Distributed Computing and First ACIS International Workshop on Self-Assembling Wireless Network},
    month = {maio},
    year = 2005,
    pages = {238-245},
    address = {Estados Unidos da América}
}

@article{machinega,
    author = {Taeshik Shon and Yongdae Kim and Cheolwon Lee and Jongsub Moon},
    title = {A Machine Learning Framework for Network
Anomaly Detection using SVM and GA},
    journal = {Proceedings from the Sixth Annual IEEE SMC Information Assurance Workshop},
    month = {agosto},
    year = 2005,
    pages = {176-183},
    address = {Estados Unidos da América}
}

@article{hybrid,
    author = {Kai Hwang and Min Cai and Ying Chen and Min Qin},
    title = {Hybrid Intrusion Detection with Weighted Signature Generation over Anomalous Internet Episodes},
    journal = {IEEE Transactions on Dependable and Secure Computing},
    month = {fevereiro},
    year = 2007,
    volume = 4,
    number = 1,
    pages = {41-55}
}

@article{cloud,
    author = {Irfan Gul and M. Hussain},
    title = {Distributed Cloud Intrusion Detection Model},    
    journal = {International Journal of Advanced Science and Technology},
    volume = 34,
    month = {setembro},
    year = 2011,
    pages = {71-82}
}

@article{medical,
    title = {Behavior Rule Specification-Based Intrusion Detection for Safety Critical Medical Cyber Physical Systems},
    author = {Robert Mitchell and Ing-Ray Chen},
    journal = {IEEE Transactions on Dependable and Secure Computing},
    volume = 12,
    number = 1,
    month = {fevereiro},
    year = 2015,
    pages = {16-30}
}

@article{fuzzy,
    title = {Network Anomaly Detection System using Genetic
Algorithm and Fuzzy Logic},
    author = {Anderson Hiroshi Hamamoto and Luiz Fernando Carvalho and Lucas Dias Hiera
Sampaio and Taufik Abrão and Mario Lemes Proença Jr.},
    journal = {Expert Systems with Applications},
    year = 2018,
    volume = 92,
    pages = {390-402}
}

@article{proenca,
    title = {Anomaly detection for network servers using digital signature of network segment},
    author = {Mario Lemes Proen{\c{C}}a {Jr} and Bruno B. Zarpel{Ã}o and Leonardo S. Mendes},
    journal = {Advanced Industrial Conference on Telecommunications/Service Assurance with Partial and Intermittent Resources Conference/E-Learning on Telecommunications Workshop (AICT/SAPIR/ELETE'05)},
    year = 2005,
    month = {julho},
    address = {Portugal},
    pages = {290-295}
}

@article{aging,
    title = {A Methodology for Detection and Estimation of Software Aging},
    author = {S. Garg and A. van Moorsel and K. Vaidyanathan and K.S. Trivedi},
    journal = {Proceedings Ninth International Symposium on Software Reliability Engineering},
    year = 1998,
    month = {novembro},
    pages = {283-292},
    address = {Alemanha}
}

@misc{netflow,
    author = {CISCO},
    title = {NetFlow Version 9 Flow-Record Format},
    month = {Mai.},
    year = 2011,
    url = {https://www.cisco.com/en/US/technologies/tk648/tk362/technologies\_white\_{p}aper091
    86a00800a3db9.html},
    urlaccessdate = {9 de outubro de 2017},
}

@misc{ipfix,
    author = {Benoit Claise and Brian Trammell and Paul Aitken },
    title = {Specification of the IP Flow Information Export (IPFIX) Protocol
                  for the Exchange of Flow Information},
    year = 2013,
    month = {Set.},
    url = {https://tools.ietf.org/html/rfc7011},
    urlaccessdate = {9 de outubro de 2017},
    address = {IETF}
}

@misc{sflow,
    author = {sFlow.org},
    title = {About sFlow},
    year = 2017,
    url = {http://www.sflow.org/about/index.php},
    urlaccessdate = {9 de outubro de 2017}
    
}

@book{judea,
    author = {Judea Pearl},
    publisher = {Addison-Wesley Publishing Company},
    year = 1984,
    title = {Intelligent Search Strategies for Computer Problem Solving},
    address = {Estados Unidos da América}
}

@misc{munoz,
    author = {Andres Munoz},
    title = {Machine Learning and Optimization},
    address = {Nova Iorque, Estados Unidos da América},
    publisher = {Courant Institute of Mathematical Sciences},
    year = 2014,
    url = {https://www.cims.nyu.edu/~munoz/files/ml\_optimization.pdf},
    urlaccessdate = {9 de outubro de 2017}
}